Automatically generated by Mendeley Desktop 1.17.10
Any changes to this file will be lost if it is regenerated by Mendeley.

BibTeX export options can be customized via Options -> BibTeX in Mendeley Desktop

@article{Inform,
author = {Inform, Engenharia and De, Proposta},
file = {:C$\backslash$:/Users/Michael Matias/Documents/Mendeley/Inform, De - Unknown - T{\'{i}}tulo do Trabalho Nome do Mestrando.pdf:pdf},
title = {{{\textless} T{\'{i}}tulo do Trabalho {\textgreater} {\textless} Nome do Mestrando {\textgreater}}}
}
